<?xml version="1.0" encoding="UTF-8"?><collection xmlns="http://www.loc.gov/MARC21/slim"><record><leader>00453nam--2200145-i-4500</leader><controlfield tag="001">000013389</controlfield><controlfield tag="002">20161230</controlfield><controlfield tag="005">20161230201030</controlfield><controlfield tag="008">060222s1000------------r-----000-0-eng-d</controlfield><datafield ind1=" " ind2=" " tag="080"><subfield code="a">517.538.5(043)</subfield></datafield><datafield ind1=" " ind2=" " tag="100"><subfield code="a">Cortey Dumont, Philippe</subfield></datafield><datafield ind1=" " ind2=" " tag="245"><subfield code="a">Contribution a l'approximation numerique d'une inequation quasi-variationelle. these</subfield></datafield><datafield ind1=" " ind2=" " tag="260"><subfield code="a">Franche-conte, L'Universite, 1978 39 P</subfield></datafield><datafield ind1=" " ind2=" " tag="852"><subfield code="a">48499</subfield><subfield code="c">517.53 : 517.55</subfield></datafield><datafield ind1=" " ind2=" " tag="CAT"><subfield code="a">Sys</subfield><subfield code="c">20080820</subfield><subfield code="h">132942</subfield></datafield></record></collection>